
@ARTICLE{Cetinkaya2018,
  title     = "Infrastructure and tools for teaching computing throughout the
               statistical curriculum",
  author    = "{\c C}etinkaya-Rundel, Mine and Rundel, Colin",
  journal   = "Am. Stat.",
  publisher = "Informa UK Limited",
  volume    =  72,
  number    =  1,
  pages     = "58--65",
  month     =  jan,
  year      =  2018,
  language  = "en"
}


@ARTICLE{Mahdavi2020,
  title     = "It's all about data: How to make good decisions in a world awash
               with information",
  author    = "Mahdavi, Mehrzad and Kazemi, Hossein",
  journal   = "The Journal of Financial Data Science",
  publisher = "Pageant Media US",
  volume    =  2,
  number    =  2,
  pages     = "8--16",
  month     =  apr,
  year      =  2020,
  language  = "en"
}
